<record xmlns:xsi="http://www.w3.org/2001/XMLSchema-instance" xmlns="http://www.loc.gov/MARC21/slim" xsi:schemaLocation="http://www.loc.gov/MARC21/slim http://www.loc.gov/standards/marcxml/schema/MARC21slim.xsd">

  <leader>01333nab a2200169   4500</leader>
  <controlfield tag="005">20160328161216.0</controlfield>
  <controlfield tag="008">150813b2002    cr f|||| |||| 00| 0 spa d</controlfield>
  <datafield ind2=" " ind1=" " tag="090">
    <subfield code="a">REVIS 06.02.01</subfield>
  </datafield>
  <datafield ind1="1" tag="100" ind2=" ">
    <subfield code="9">855</subfield>
    <subfield code="a">Mora Hamblin, Delfina</subfield>
  </datafield>
  <datafield ind1="1" tag="245" ind2="0">
    <subfield code="a">Educación de adultos y didáctica universitaria en un sistema de educación a distancia /</subfield>
    <subfield code="c">Delfina Mora Hamblin</subfield>
  </datafield>
  <datafield ind2=" " ind1=" " tag="260">
    <subfield code="a">San José, Costa Rica :</subfield>
    <subfield code="b">Editorial Universidad de Costa Rica,</subfield>
    <subfield code="c">2002</subfield>
  </datafield>
  <datafield ind2=" " tag="300" ind1=" ">
    <subfield code="a">páginas 159-168</subfield>
  </datafield>
  <datafield ind2=" " tag="520" ind1=" ">
    <subfield code="a">Este trabajo pretende hacer un llamado a la reflexión acerca del papel que desempeñamos como docentes, y a la interacción constante que tenemos con nuestros alumnos, quienes al estar inmersos en un sistema de educación superior  universitario ostentan la categoría de adulto.
Esto nos lleva a cuestionarnos, si realmente estamos reconociendo sus características particulares y tomándolas en cuenta tanto en el diseño curricular , como en la elaboración de materiales didácticos.
Interesa, además, reconocer la importancia del papel del docente como mediador pedagógico, principalmente en un sistema de educación a distancia</subfield>
  </datafield>
  <datafield ind2="4" tag="650" ind1="1">
    <subfield code="9">1</subfield>
    <subfield code="a">EDUCACIÓN</subfield>
  </datafield>
  <datafield tag="773" ind1="0" ind2=" ">
    <subfield code="d">San José, Costa Rica : Editorial de la Universidad de Costa Rica, 1997-</subfield>
    <subfield code="o">R0059</subfield>
    <subfield code="t">EDUCACIÓN: Revista de la Universidad de Costa Rica</subfield>
    <subfield code="g">Vol.26, no.2  (2002)</subfield>
  </datafield>
  <datafield tag="942" ind1=" " ind2=" ">
    <subfield code="2">z</subfield>
    <subfield code="c">10</subfield>
  </datafield>
  <datafield ind1=" " tag="999" ind2=" ">
    <subfield code="c">2812</subfield>
    <subfield code="d">2812</subfield>
  </datafield>
</record>